@article{ChuJT14,
  author    = {Duc{-}Hiep Chu and
               Joxan Jaffar and
               Minh{-}Thai Trinh},
  title     = {Automating Proofs of Data-Structure Properties in Imperative Programs},
  journal   = {CoRR},
  volume    = {abs/1407.6124},
  year      = {2014},
  url       = {http://arxiv.org/abs/1407.6124},
  timestamp = {Fri, 01 Aug 2014 13:50:01 +0200},
  biburl    = {http://dblp.uni-trier.de/rec/bib/journals/corr/ChuJT14},
  bibsource = {dblp computer science bibliography, http://dblp.org}
}


@inproceedings{BFP+14,
    author = {James Brotherston and Carsten Fuhs and Juan A. Navarro Perez and Nikos Gorogiannis},
    title = {A decision procedure for satisfiability in separation logic with inductive predicates},
    booktitle= {LICS' 14},
    year = {2014}
}

@inproceedings{DeMoura:2008:ZES:1792734.1792766,
 author = {De Moura, Leonardo and Bj{\o}rner, Nikolaj},
 title = {Z3: An Efficient SMT Solver},
 booktitle = {TACAS},
 OPTseries = {LNCS},
 OPTvolume = {},
 year = {2008},
 pages = {337-340},
 publisher = {Springer},
} 


@inproceedings{EneaLSV14,
  author    = {Constantin Enea and
                 Ond\v{r}ej Leng\'{a}l and
                 Mihaela Sighireanu and
                 Tom\'{a}\v{s} Vojnar},
  title       = {Compositional Entailment Checking for a Fragment of Separation
                 Logic},
  booktitle   = {APLAS},
  year        = {2014},
  OPTseries      = {LNCS},
  OPTvolume      = {8858},
  pages       = {314-333},
  publisher   = {Springer}
}

@inproceedings{ESW15,
  author    = {Constantin Enea and
                 Mihaela Sighireanu and
                 Zhilin Wu},
  title       = {On Automated Lemma Generation for Separation Logic with Inductive Definitions},
  booktitle   = {ATVA},
  year        = {2015},
  publisher   = {Springer}
}


@inproceedings{Pek:2014:NPD:2666356.2594325,
 author = {Pek, Edgar and Qiu, Xiaokang and Madhusudan, P.},
 title = {Natural Proofs for Data Structure Manipulation in {C} Using Separation Logic},
  booktitle   = {PLDI},
 year = {2014},
 pages = {440-451},
 publisher = {ACM},
 keywords = {data structures, natural proofs, program verifiers, separation logic},
} 

@misc{celia,
  author    = {{CELIA}},
  OPTtitle  = {{CELIA}},
  OPTyear   = {2014},
  note      = {\url{http://www.liafa.univ-paris-diderot.fr/celia}}
}

@misc{SPENsite,
  author    = {{SPEN}},
  OPTtitle  = {{SPEN}},
  OPTyear   = {2014},
  note      = {\url{http://www.liafa.univ-paris-diderot.fr/spen}}
}

@inproceedings{CHO+11,
 author = {Cook, Byron and Haase, Christoph and Ouaknine, Jo\"{e}l and Parkinson, Matthew and Worrell, James},
 title = {Tractable Reasoning in a Fragment of Separation Logic},
 booktitle = {CONCUR},
 OPTseries = {LNCS},
 year = {2011},
 pages = {235-249},
 publisher = {Springer}
} 

@inproceedings{ESS13,
  author    = {Constantin Enea and
               Vlad Saveluc and
               Mihaela Sighireanu},
  title     = {Compositional Invariant Checking for Overlaid and Nested
               Linked Lists},
  booktitle = {ESOP},
  year      = {2013},
  pages     = {129-148},
}

@inproceedings{DES13,
  author    = {Cezara Dragoi and
               Constantin Enea and
               Mihaela Sighireanu},
  title     = {Local Shape Analysis for Overlaid Data Structures},
  booktitle = {SAS},
  year      = {2013},
  pages     = {150-171},
}

@inproceedings{BDES12a,
  author    = {Ahmed Bouajjani and
               Cezara Dragoi and
               Constantin Enea and
               Mihaela Sighireanu},
  title     = {Accurate Invariant Checking for Programs Manipulating Lists
               and Arrays with Infinite Data},
  booktitle = {ATVA},
  year      = {2012},
  pages     = {167-182},
}

@inproceedings{BDES12b,
  author    = {Ahmed Bouajjani and
               Cezara Dragoi and
               Constantin Enea and
               Mihaela Sighireanu},
  title     = {Abstract Domains for Automated Reasoning about List-Manipulating
               Programs with Infinite Data},
  booktitle = {VMCAI},
  year      = {2012},
  pages     = {1-22},
  publisher = {Springer}
}

@inproceedings{BDES11,
  author    = {Ahmed Bouajjani and
               Cezara Dragoi and
               Constantin Enea and
               Mihaela Sighireanu},
  title     = {On inter-procedural analysis of programs with lists and
               data},
  booktitle = {PLDI},
  year      = {2011},
  pages     = {578-589},
}


@inproceedings{BDES09,
  author    = {Ahmed Bouajjani and
               Cezara Dragoi and
               Constantin Enea and
               Mihaela Sighireanu},
  title     = {A Logic-Based Framework for Reasoning about Composite Data
               Structures},
  booktitle = {CONCUR},
  year      = {2009},
  pages     = {178-195},
  publisher = {Springer}
}

@inproceedings{BDERS10,
  author    = {Ahmed Bouajjani and
               Cezara Dragoi and
               Constantin Enea and
               Ahmed Rezine and
               Mihaela Sighireanu},
  title     = {Invariant Synthesis for Programs Manipulating Lists with
               Unbounded Data},
  booktitle = {CAV},
  year      = {2010},
  pages     = {72-88},
  publisher = {Springer}
}

@inproceedings{IRS13,
 author = {Iosif, Radu and Rogalewicz, Adam and Simacek, Jiri},
 title = {The Tree Width of Separation Logic with Recursive Definitions},
 booktitle = {CADE},
 OPTseries = {LNCS},
 year = {2013},
 pages = {21-38},
  publisher = {Springer}
} 

@inproceedings{PWZ13,
 author = {Piskac, Ruzica and Wies, Thomas and Zufferey, Damien},
 title = {Automating Separation Logic Using {SMT}},
 booktitle = {CAV},
 OPTseries = {LNCS},
 year = {2013},
 pages = {773-789},
 publisher = {Springer}
} 

@inproceedings{AGH+14,
  author    = {Timos Antonopoulos and
               Nikos Gorogiannis and
               Christoph Haase and
               Max I. Kanovich and
               Jo{\"e}l Ouaknine},
  title     = {Foundations for Decision Problems in Separation Logic with
               General Inductive Predicates},
  booktitle = {FoSSaCS},
  OPTseries    = {LNCS},
  OPTvolume    = {8412},
  year      = {2014},
  pages     = {411-425},
  publisher = {Springer}
}

@techreport{ESZ15,
  author    = {Constantin Enea and
  Mihaela Sighireanu and 
  Zhilin Wu},
  title     = {On Automated Lemma Generation for Separation Logic with Inductive Definitions},
  number     = {hal-01175732},
  institution= {HAL},
  year      = {2015},
  OPTnote =      {Extended version}
}

@techreport{ELSV14,
  author    = {Constantin Enea and
  Ondrej Lengal and
  Mihaela Sighireanu and 
  Tomas Vojnar},
  title     = {Compositional Entailment Checking for a Fragment of Separation Logic},
  number     = {FIT-TR-2014-01},
  institution={FIT, Brno University of Technology},
  year      = {2014},
  note ={APLAS 2014}
}

@book{Die97,
  author    = {Reinhard Diestel},
  title     = {Graph Theory, the 2nd Edition},
  OPTseries    = {Graduate texts in mathematics},
  volume    = {173},
  year      = {1997},
  publisher={Springer}
}

@article{BK09,
 author = {Benedikt, Michael and Koch, Christoph},
 title = {{XPath} Leashed},
 journal = {ACM Comput. Surv.},
 volume = {41},
 number = {1},
 year = {2009},
 pages = {3:1--3:54},
} 


@inproceedings{DD14,
  author    = {St{\'{e}}phane Demri and
               Morgan Deters},
  title     = {Expressive completeness of separation logic with two variables and
               no separating conjunction},
  booktitle = {Joint Meeting of the Twenty-Third {EACSL} Annual Conference on Computer
               Science Logic {(CSL)} and the Twenty-Ninth Annual {ACM/IEEE} Symposium
               on Logic in Computer Science (LICS), {CSL-LICS} , 2014},
  year      = {2014},
  pages     = {37},
}

@inproceedings{DGLM14,
  author    = {St{\'{e}}phane Demri and
               Didier Galmiche and
               Dominique Larchey{-}Wendling and
               Daniel M{\'{e}}ry},
  title     = {Separation Logic with One Quantified Variable},
  booktitle = {Computer Science - Theory and Applications - 9th International Computer
               Science Symposium in Russia, {CSR} 2014.},
  year      = {2014},
  pages     = {125--138},
}

@article{BBLW13,
   author              = {Saguy Benaim and 
                          Michael Benedikt and 
                          Rastislav Lenhardt and 
                          James Worrell},
   title               = {Controlling the Depth, Size, and Number of Subtrees for Two-variable Logic on Trees},
   journal             = {CoRR},
   year                = {2013},
   note                  = {http://arxiv.org/abs/1304.6925},
}

@inproceedings{NC08,
 author = {Nguyen, Huu Hai and Chin, Wei-Ngan},
 title = {Enhancing Program Verification with Lemmas},
 booktitle = {CAV},
 OPTseries = {LNCS},
 year = {2008},
 pages = {355-369},
} 

@inproceedings{MQS12,
 author = {Madhusudan, Parthasarathy and Qiu, Xiaokang and Stefanescu, Andrei},
 title = {Recursive Proofs for Inductive Tree Data-structures},
  booktitle = {POPL},
  publisher = {ACM},
  year      = {2012},
  pages     = {123-136},
} 

@article{CDN+12,
 author = {Chin, Wei-Ngan and David, Cristina and Nguyen, Huu Hai and Qin, Shengchao},
 title = {Automated Verification of Shape, Size and Bag Properties via User-defined Predicates in Separation Logic},
 journal = {Sci. Comput. Program.},
 volume = {77},
 number = {9},
 year = {2012},
 pages = {1006--1036},
} 

@inproceedings{QGS+13,
 author = {Qiu, Xiaokang and Garg, Pranav and Stef\u{a}nescu, Andrei and Madhusudan, Parthasarathy},
 title = {Natural Proofs for Structure, Data, and Separation},
  booktitle = {PLDI},
  publisher = {ACM},
 year = {2013},
 pages = {231-242},
} 


@inproceedings{BDP11,
 author = {Brotherston, James and Distefano, Dino and Petersen, Rasmus Lerchedahl},
 title = {Automated Cyclic Entailment Proofs in Separation Logic},
 booktitle = {CADE},
 OPTseries = {LNCS},
 year = {2011},
 pages = {131-146},
 publisher = {Springer}
} 

@inproceedings{IRV14,
  author    = {Radu Iosif and
               Adam Rogalewicz and
               Tom{\'{a}}s Vojnar},
  title     = {Deciding Entailments in Inductive Separation Logic with Tree Automata},
  booktitle = {ATVA},
  OPTseries = {LNCS},
  pages     = {201-218},
  year      = {2014},
  publisher = {Springer}
}

@inproceedings{PWZ14,
  author    = {Ruzica Piskac and
               Thomas Wies and
               Damien Zufferey},
  title     = {Automating Separation Logic with Trees and Data},
  booktitle = {CAV},
  OPTseries = {LNCS},
  pages     = {711-728},
  year      = {2014},
  publisher = {Springer}
}

@inproceedings{AHJ+13,
  author = {Abdulla, Parosh Aziz and Holik, Lukas and Jonsson, Bengt and Lengal, Ondrej and Trinh, Cong Quy and Vojnar, Tomas},
  title = {Verification of Heap Manipulating Programs with Ordered Data by Extended Forest Automata},
  booktitle = {ATVA},
  year        = {2013},
  OPTseries      = {LNCS},
  OPTvolume      = {8172},
  pages       = {224-239},
  publisher   = {Springer}
}

@inproceedings{GVA07,
  author = {Guo, Bolei and Vachharajani, Neil and August, David I.},
  booktitle = {PLDI},
  pages = {256-265},
  title = {Shape analysis with inductive recursion synthesis.},
  year = {2007},
  publisher = {ACM}
}

@inproceedings{HLR+13,
 author = {Hol\'{\i}k, Luk\'{a}\v{s} and Leng\'{a}l, Ond\v{r}ej and Rogalewicz, Adam and \v{S}im\'{a}\v{c}ek, Ji\v{r}\'{\i} and Vojnar, Tom\'{a}\v{s}},
 title = {Fully Automated Shape Analysis Based on Forest Automata},
 booktitle = {CAV},
 OPTseries = {LNCS},
 year = {2013},
 pages = {740-755},
 publisher = {Springer}
} 

@inproceedings{BCO05,
 author = {Berdine, Josh and Calcagno, Cristiano and O'Hearn, Peter W.},
 title = {Symbolic Execution with Separation Logic},
 booktitle = {APLAS},
 OPTseries = {LNCS},
 year = {2005},
 pages = {52-68},
 publisher = {Springer}
} 

@inproceedings{IBI+14,
  author    = {Shachar Itzhaky and
               Anindya Banerjee and
               Neil Immerman and
               Ori Lahav and
               Aleksandar Nanevski and
               Mooly Sagiv},
  title     = {Modular reasoning about heap paths via effectively propositional formulas},
  booktitle = {POPL},
  pages     = {385--396},
  year      = {2014},
  publisher = {ACM}
 }

@inproceedings{CHL11,
 author = {Chlipala, Adam},
 title = {Mostly-automated Verification of Low-level Programs in Computational Separation Logic},
 booktitle = {PLDI},
 volume = {46},
 OPTnumber = {6},
 year = {2011},
 pages = {234-245},
 publisher = {ACM}
} 

@inproceedings{ZKR08,
 author = {Zee, Karen and Kuncak, Viktor and Rinard, Martin},
 title = {Full Functional Verification of Linked Data Structures},
 booktitle = {PLDI},
 year = {2008},
 pages = {349-361},
 publisher = {ACM}
} 

@inproceedings{BPZ05,
  author = {Balaban, Ittai and Pnueli, Amir and Zuck, Lenore D.},
  title ={ Shape analysis by predicate abstraction},
  booktitle = {VMCAI},
  pages = {164-180},
  publisher = {Springer},
  year = 2005
}

@inproceedings{LQ08,
 author = {Lahiri, Shuvendu and Qadeer, Shaz},
 title = {Back to the Future: Revisiting Precise Program Verification Using SMT Solvers},
  booktitle = {POPL},
  publisher = {ACM},
  year      = {2008},
  pages     = {171-182},
} 

@inproceedings{RBH07,
 author = {Rakamaric, Zvonimir and Bingham, Jesse and Hu, Alan J.},
 title = {An Inference-rule-based Decision Procedure for Verification of Heap-manipulating Programs with Mutable Data and Cyclic Data Structures},
 booktitle = {VMCAI},
 year = {2007},
 pages = {106-121},
  publisher = {Springer},
} 

@inproceedings{Rey02,
 author = {Reynolds, John C.},
 title = {Separation Logic: A Logic for Shared Mutable Data Structures},
 booktitle = {LICS},
  publisher = {ACM},
 year = {2002},
 pages = {55-74},
} 

@inproceedings{ORY01,
 author = {O'Hearn, Peter W. and Reynolds, John C. and Yang, Hongseok},
 title = {Local Reasoning About Programs That Alter Data Structures},
 booktitle = {CSL},
 year = {2001},
 pages = {1-19},
} 


@inproceedings{CGZ05,
  author    = {Cristiano Calcagno and
               Philippa Gardner and
               Uri Zarfaty},
  title     = {Context logic and tree update},
  booktitle = {Proceedings of the 32nd {ACM} {SIGPLAN-SIGACT} Symposium on Principles
               of Programming Languages, {POPL} 2005, Long Beach, California, USA,
               January 12-14, 2005},
  pages     = {271--282},
  year      = {2005},
}
